@article{Shin,
    author = "Shin, H and Perdue, R R and Pandelaere, M",
    title = "Managing customer reviews for value co-creation: An empowerment theory perspective",
    journal = "Journal of Travel Research",
    volume = "59",
    number = "5",
    pages = "792--810",
    year = "2020"
}

@article{Lamberton,
    author = "Lamberton, C and Stephen, A T",
    title = "A thematic exploration of digital, social media, and mobile marketing: Research evolution from 2000 to 2015 and an agenda for future inquiry",
    journal = "Journal of Marketing",
    volume = "80",
    number = "6",
    pages = "146--172",
    year = "2016"
}

@article{Verhoef1,
    author = "Verhoef, P C and Stephen, A T and Kannan, P K and Luo, X and Abhishek, V and Andrews, M and Bart, Y and Datta, H and Fong, N and Hoffman, D L and Hu, M M and Novak, T and Rand, W and Zhang, Y",
    title = "Consumer connectivity in a complex, technology-enabled, and mobile-oriented world with smart products",
    journal = "Journal of Interactive Marketing",
    volume = "40",
    pages = "1--8",
    year = "2017"
}

@article{Verhoef2,
    author = "Verhoef, P C and Broekhuizen, T and Bart, Y and Bhattacharya, A and Dong, J Q and Fabian, N and Haenlein, M",
    title = "Digital transformation: A multidisciplinary reflection and research agenda",
    journal = "Journal of Business Research",
    volume = "122",
    pages = "889--901",
    year = "2021"
}

@article{Do,
  title={Deep learning for aspect-based sentiment analysis: a comparative review},
  author={Do, H.H. and Prasad, P.W.C. and Maag, A. and Alsadoon, A.},
  journal={Expert Systems with Applications},
  volume={118},
  pages={272--299},
  year={2019},
  publisher={Elsevier}
}

@inproceedings{Gilpin,
  title={Explaining explanations: An overview of interpretability of machine learning},
  author={Gilpin, L H and Bau, D and Yuan, B Z and Bajwa, A and Specter, M and Kagal, L},
  booktitle={5th International Conference on Data Science and Advanced Analytics (DSAA 2018)},
  pages={80--89},
  year={2018},
  organization={IEEE}
}

@inproceedings{Hochstenbach,
  title={Adversarial Training for a Hybrid Approach to Aspect-Based Sentiment Analysis},
  author={Hochstenbach, R and Frasincar, F and Tru{\c{s}}cǎ, M M},
  booktitle={22nd International Conference on Web Information Systems Engineering (WISE 2021)},
  volume={13081},
  pages={291--305},
  year={2021},
  publisher={Springer}
}

@inproceedings{Trusca,
  title={A hybrid approach for aspect-based sentiment analysis using deep contextual word embeddings and hierarchical attention},
  author={Tru{\c{s}}cǎ, M M and Wassenberg, D and Frasincar, F and Dekker, R},
  booktitle={20th International Conference on Web Engineering (ICWE 2020)},
  pages={365--380},
  year={2020},
  organization={LNCS (Springer)}
}

@inproceedings{Wallaart,
  title={A hybrid approach for aspect-based sentiment analysis using a lexicalized domain ontology and attentional neural models},
  author={Wallaart, O and Frasincar, F},
  booktitle={16th Extended Semantic Web Conference (ESWC 2019)},
  volume={11503},
  pages={363--378},
  year={2019},
  organization={LNCS (Springer)}
}

@inproceedings{Schouten,
  title={Ontology-driven sentiment analysis of product and service aspects},
  author={Schouten, K and Frasincar, F},
  booktitle={15th Extended Semantic Web Conference (ESWC 2018)},
  pages={608--623},
  year={2018},
  publisher={LNCS (Springer)}
}

@article{Zheng,
  title={Left-center-right separated neural network for aspect-based sentiment analysis with rotatory attention},
  author={Zheng, S and Xia, R},
  journal={ArXiv},
  year={2018}
}

@inproceedings{Meijer,
  title={Explaining a neural attention model for aspect-based sentiment classification using diagnostic classification},
  author={Meijer, L and Frasincar, F and Tru{\c{s}}c{\u{a}}, M M},
  booktitle={36th Annual ACM Symposium on Applied Computing (SAC 2021)},
  pages={821--827},
  year={2021},
  publisher={ACM}
}

@inproceedings{Ribeiro,
  title={``{W}hy should {I} trust you?" {E}xplaining the predictions of any classifier},
  author={Ribeiro, M T and Singh, S and Guestrin, C},
  booktitle={22nd ACM SIGKDD International Conference on Knowledge Discovery and Data Mining (KDD 2016)},
  pages={1135--1144},
  year={2016},
  publisher={ACM}
}

@article{Rudin,
  title={Stop explaining black box machine learning models for high stakes decisions and use interpretable models instead},
  author={Rudin, C},
  journal={Nature Machine Intelligence},
  volume={1},
  number={5},
  pages={206--215},
  year={2019},
  publisher={Nature Publishing Group}
}

@article{London,
  title={Artificial intelligence and black-box medical decisions: Accuracy versus explainability},
  author={London, A J},
  journal={Hastings Center Report},
  volume={49},
  number={1},
  pages={15--21},
  year={2019},
  publisher={Wiley Online Library}
}

@article{Adadi,
  title={Peeking inside the black-box: A survey on explainable artificial intelligence (XAI)},
  author={Adadi, A and Berrada, M},
  journal={IEEE Access},
  volume={6},
  pages={52138--52160},
  year={2018},
  publisher={IEEE}
}

@article{Ranjbar,
  title={Using decision tree as {L}ocal {I}nterpretable {M}odel in autoencoder-based {LIME}},
  author={Ranjbar, N and Safabakhsh, R},
  journal={27th International Computer Conference, Computer Society of Iran (CSICC 2022)},
  pages={1--7},
  year={2022},
  publisher={IEEE}
}

@article{Shapley,
  title={Quota solutions of n-person games},
  author={Shapley, L S},
  journal={Rand Technical Report},
  pages={343},
  year={1952},
  publisher={RAND Corporation}
}

@inproceedings{Cohen,
  title={Feature selection based on the {S}hapley value},
  author={Cohen, S and Ruppin, E and Dror, G},
  booktitle={19th International Joint Conference on Artificial Intelligence (IJCAI 2005)},
  pages={665--670},
  year={2005},
  publisher={Morgan Kaufmann}
}

@inproceedings{Ghorbani,
  title={Data {S}hapley: Equitable valuation of data for machine learning},
  author={Ghorbani, A and Zou, J},
  booktitle={36th International Conference on Machine Learning (ICML 2019)},
  pages={2242--2251},
  year={2019},
  organization={PMLR}
}

@article{Lundberg,
  title={A unified approach to interpreting model predictions},
  author={Lundberg, S M and Lee, S},
  journal={31st Advances in Neural Information Processing Systems (NIPS 2017)},
  volume={30},
  pages={4765--4774},
  year={2017},
  publisher={Curran Associates}
}

@inproceedings{Merrick,
  title={The explanation game: Explaining machine learning models using shapley values},
  author={Merrick, Luke and Taly, Ankur},
  booktitle={International Cross-Domain Conference for Machine Learning and Knowledge Extraction},
  pages={17--38},
  year={2020},
  organization={Springer}
}

@article{Maleki,
  title={Bounding the estimation error of sampling-based Shapley value approximation},
  author={Maleki, Sasan and Tran-Thanh, Long and Hines, Greg and Rahwan, Talal and Rogers, Alex},
  journal={arXiv preprint arXiv:1306.4265},
  year={2013}
}

@inproceedings{Chen,
  title={L-{S}hapley and {C}-{S}hapley: Efficient model interpretation for structured data},
  author={Chen, J and Song, L and Wainwright, M J and Jordan, M I},
  booktitle={7th International Conference on Learning Representations (ICLR 2019)},
  year={2019}
}

@article{Aas,
  title={Explaining individual predictions when features are dependent: More accurate approximations to {S}hapley values},
  author={Aas, K and Jullum, M and L{\o}land, A},
  journal={Artificial Intelligence},
  volume={298},
  pages={103502},
  year={2021},
  publisher={Elsevier}
}

@inproceedings{Ancona,
  title={Explaining deep neural networks with a polynomial time algorithm for shapley value approximation},
  author={Ancona, M and Oztireli, C and Gross, M},
  booktitle={36th International Conference on Machine Learning (ICML 2019)},
  pages={272--281},
  year={2019},
  organization={PMLR}
}

@article{Feng,
  title={Interpretable {XGB}oost-{SHAP} machine-learning model for shear strength prediction of squat {RC} walls},
  author={Feng, D. and Wang, W and Mangalathu, S and Taciroglu, E},
  journal={Journal of Structural Engineering},
  volume={147},
  number={11},
  pages={04021173},
  year={2021},
  publisher={American Society of Civil Engineers}
}

@article{Lundberg2,
  title={Explainable machine-learning predictions for the prevention of hypoxaemia during surgery},
  author={Lundberg, S M and Nair, B and Vavilala, M S and Horibe, M and Eisses, M J and Adams, T and Liston, D E and Low, D K and Newman, S and Kim, J and others},
  journal={Nature Biomedical Engineering},
  volume={2},
  number={10},
  pages={749--760},
  year={2018},
  publisher={Nature Publishing Group}
}

@inproceedings{Devlin,
  title={B{ERT}: Pre-training of deep bidirectional transformers for language understanding},
  author={Devlin, J and Chang, M and Lee, K and Toutanova, K},
  booktitle={2019th Conference of the North American Chapter of the Association for Computational Linguistics: Human Language Technologies (NAACL-HLT 2019)},
  pages={4171--4186},
  year={2019},
  publisher={ACL}
}

@article{Altmann,
  title={Permutation importance: a corrected feature importance measure},
  author={Altmann, A and Tolo{\c{s}}i, L and Sander, O and Lengauer, T},
  journal={Bioinformatics},
  volume={26},
  number={10},
  pages={1340--1347},
  year={2010},
  publisher={Oxford University Press}
}

@book{Liu,
  title={Sentiment analysis: mining opinions, sentiments, and emotions},
  author={Liu, Bing},
  year={2020},
  publisher={Cambridge university press}
}

@article{Schouten2,
  title={Survey on aspect-level sentiment analysis},
  author={Schouten, K and Frasincar, F},
  journal={IEEE Transactions on Knowledge and Data Engineering},
  volume={28},
  number={3},
  pages={813--830},
  year={2015},
  publisher={IEEE}
}

@inproceedings{Geed,
  title={Explaining a Deep Neural Model with Hierarchical Attention for Aspect-Based Sentiment Classification Using Diagnostic Classifiers},
  author={Geed, K and Frasincar, F and Tru\c{s}c\v{a}, M},
  booktitle={22nd International Conference on Web Engineering (ICWE 2022)},
  year={2022},
  publisher={LNCS (Springer)}
}

@book{Bird,
  title={Natural language processing with Python: analyzing text with the natural language toolkit},
  author={Bird, S and Klein, E and Loper, E},
  year={2009},
  publisher={" O'Reilly Media, Inc."}
}

@book{Miller,
  title={WordNet: An electronic lexical database},
  author={Miller, G A},
  year={1998},
  publisher={MIT press}
}

@article{Guarino,
  title={Evaluating ontological decisions with OntoClean},
  author={Guarino, Nicola and Welty, Christopher},
  journal={Communications of the ACM},
  volume={45},
  number={2},
  pages={61--65},
  year={2002},
  publisher={ACM New York, NY, USA}
}

@article{Cambria,
  title={SenticNet 5: Discovering conceptual primitives for sentiment analysis by means of context embeddings},
  author={Cambria, E and Poria, S and Hazarika, D and Kwok, K},
  booktitle={32nd AAAI Conference on Artificial Intelligence},
  volume={32},
  number={1},
  year={2018}
}